@book{lautrup2011physics,
  title={Physics of continuous matter: exotic and everyday phenomena in the macroscopic world},
  author={Lautrup, Benny},
  year={2011},
  publisher={CRC press}
}

@book{strauss2007partial,
  title={Partial differential equations: An introduction},
  author={Strauss, Walter A},
  year={2007},
  publisher={John Wiley \& Sons}
}

@book{stein2009introduction,
  title={An introduction to seismology, earthquakes, and earth structure},
  author={Stein, Seth and Wysession, Michael},
  year={2009},
  publisher={John Wiley \& Sons}
}

@inproceedings{aochi2013finite,
  title={Finite difference simulations of seismic wave propagation for understanding earthquake physics and predicting ground motions: Advances and challenges},
  author={Aochi, Hideo and Ulrich, Thomas and Ducellier, Ariane and Dupros, Fabrice and Michea, David},
  booktitle={Journal of Physics: Conference Series},
  volume={454},
  number={1},
  pages={012010},
  year={2013},
  organization={IOP Publishing}
% https://iopscience.iop.org/article/10.1088/1742-6596/454/1/012010/pdf
}

@article{graves1996simulating,
  title={Simulating seismic wave propagation in 3D elastic media using staggered-grid finite differences},
  author={Graves, Robert W},
  journal={Bulletin of the seismological society of America},
  volume={86},
  number={4},
  pages={1091--1106},
  year={1996},
  publisher={The Seismological Society of America}
% https://watermark.silverchair.com/bssa0860041091.pdf?token=AQECAHi208BE49Ooan9kkhW_Ercy7Dm3ZL_9Cf3qfKAc485ysgAAArwwggK4BgkqhkiG9w0BBwagggKpMIICpQIBADCCAp4GCSqGSIb3DQEHATAeBglghkgBZQMEAS4wEQQM347yDvPfyHcskMFSAgEQgIICb5lb7nQncXzd3kZbYhqetrvrhkiqVIkX6liyfmvOvAl4pr_uI0YhlnM7nwrF0Y8iwtpP4SqCnV9aR029qj_d_vmoHPSGQLYU0Ngqmnv_yZQMz6fUnbYFU3k3ttXbMF6UDOC7MEO-xEpbtprPrwBm2ns_3VD8jCph3Eolo6IrB6tmMW3l5mCztq-xqFxMoO8zJgnK7P_v_AxJnt0P-BS2kJxLAy5FzWvPatDI5teIDyD0MD175rVozy5gib-otG1id-bRbwB7ii7GEgHHSrG34JNPHnF0MdJF10D6zbGOb0QV3DRHALDmtesYJcv0AWRSBEO63_GWy3c7RJjsMs-qt6D1R3DA_M-6AT0a9rNCO99aGrIpHZ22vATFBdhUR_gtZ-M2XV5hA2V9NpVEMh5l4hU24-X5sODybyQQeCI2RXjoZfWuDcmGvsQNndKsU2U0x09XDXvaqZmMWemNinhv1Eee7Y0GVnq97-_PbGddSJw8sQ23IGlJPQ25d2BNGewRUmmXyOOpnbO-o-8pvrR1NBR9rLRisHO2nncAJgctKdpraHIRFdOEyNtrTfBLsazxppnE55xc7MLTGRC7QD5A_oeJP5j11SaPFics51NZ37SDHCj_Ec1CLh7mU_IskvGaGNT-oKpb6WYjIA724odSTCPDRED61j53os4HgdSue_ipUbPsHgz5Wa_rQq2dEGM-90zT84f_jCrbJxRjKi0FJAJbdvh-LhLUG7MqdjoLVvvn8sPrLsvAblJS9YI-8PzPDJCvYNFor5XClJZPLbSX0lUeovpzDOHRN5C83b03ur4UWcNy6m9IdfksievMmm2S
}

@article{boore1972finite,
  title={Finite difference methods for seismic wave propagation in heterogeneous materials},
  author={Boore, David M},
  journal={Methods in computational physics},
  volume={11},
  pages={1--37},
  year={1972},
  publisher={Academic Press New York}
% https://books.google.ca/books?hl=en&lr=&id=X7jLzYY7LBUC&oi=fnd&pg=PA1&dq=simple+seismic+wave+model&ots=67lHa8UI_x&sig=DxkcwTCRz_P6OCKPb3GmllA9duw&redir_esc=y#v=onepage&q=simple%20seismic%20wave%20model&f=false
}